<?xml version="1.0" ?>
<bibRecord>
  <bib>
    <owningInstitutionId>NYPL</owningInstitutionId>
    <content>
      <collection xmlns="http://www.loc.gov/MARC21/slim">
        <record>
          <controlfield tag="001">NYPG001000098-B</controlfield>
          <controlfield tag="005">20001116192419.5</controlfield>
          <controlfield tag="008">841106q19601969le            000 0 arax </controlfield>
          <datafield ind1=" " ind2=" " tag="010">
            <subfield code="a">ne 66000571</subfield>
          </datafield>
          <datafield ind1=" " ind2=" " tag="035">
            <subfield code="a">NNSZ00100098</subfield>
          </datafield>
          <datafield ind1=" " ind2=" " tag="035">
            <subfield code="a">(WaOLN)nyp0200149</subfield>
          </datafield>
          <datafield ind1=" " ind2=" " tag="040">
            <subfield code="c">NN</subfield>
            <subfield code="d">NN</subfield>
            <subfield code="d">WaOLN</subfield>
          </datafield>
          <datafield ind1="1" ind2=" " tag="100">
            <subfield code="a">Shāmī, Aḥmad Muḥammad,</subfield>
            <subfield code="d">1924-</subfield>
          </datafield>
          <datafield ind1="1" ind2="0" tag="245">
            <subfield code="a">Min al-Yaman,</subfield>
            <subfield code="c">shiʻr Aḥmad Muḥammad al-Shāmī.</subfield>
          </datafield>
          <datafield ind1=" " ind2=" " tag="260">
            <subfield code="a">[Bayrūt,</subfield>
            <subfield code="b">al-Maktab al-Tijārī lil-Ṭibāʻah wa-al-Tawzīʻ wa-al-Nashr, 196-]</subfield>
          </datafield>
          <datafield ind1=" " ind2=" " tag="300">
            <subfield code="a">270 p.</subfield>
            <subfield code="c">25 cm.</subfield>
          </datafield>
          <datafield ind1=" " ind2=" " tag="546">
            <subfield code="a">In Arabic.</subfield>
          </datafield>
          <datafield ind1=" " ind2=" " tag="907">
            <subfield code="a">.b100001506</subfield>
            <subfield code="c">m</subfield>
            <subfield code="d">a</subfield>
            <subfield code="e">-</subfield>
            <subfield code="f">ara</subfield>
            <subfield code="g">le </subfield>
            <subfield code="h">0</subfield>
            <subfield code="i">1</subfield>
          </datafield>
          <datafield ind1=" " ind2=" " tag="952">
            <subfield code="h">*OFA 82-4408</subfield>
          </datafield>
        </record>
      </collection>
    </content>
  </bib>
  <holdings>
    <holding>
      <owningInstitutionHoldingsId>3444</owningInstitutionHoldingsId>
      <content>
        <collection xmlns="http://www.loc.gov/MARC21/slim">
          <record>
            <datafield ind1="0" ind2="0" tag="852">
              <subfield code="b">rc2ma</subfield>
              <subfield code="h">*OFA 82-4408</subfield>
            </datafield>
            <datafield ind1="0" ind2="0" tag="866">
              <subfield code="a"/>
            </datafield>
          </record>
        </collection>
      </content>
      <items>
        <content>
          <collection xmlns="http://www.loc.gov/MARC21/slim">
            <record>
              <datafield ind1="0" ind2="0" tag="876">
                <subfield code="h">Use on site</subfield>
                <subfield code="a">.i100000812</subfield>
                <subfield code="j">-</subfield>
                <subfield code="t">1</subfield>
                <subfield code="3"/>
              </datafield>
              <datafield ind1="0" ind2="0" tag="900">
                <subfield code="a">Shared</subfield>
                <subfield code="b">NA</subfield>
              </datafield>
            </record>
          </collection>
        </content>
      </items>
    </holding>
  </holdings>
</bibRecord>

